<record><leader>00000cas a22000007a 4500</leader><controlfield tag="001">24948318</controlfield><controlfield tag="008">911213d19481952arucr ne      0    0eng d</controlfield><datafield ind1=" " ind2=" " tag="010"><subfield code="a">sn 91050212 </subfield></datafield><datafield ind1=" " ind2=" " tag="040"><subfield code="a">ANU</subfield><subfield code="b">eng</subfield><subfield code="c">ANU</subfield><subfield code="d">OCLCQ</subfield><subfield code="d">OCLCF</subfield><subfield code="d">OCLCO</subfield></datafield><datafield ind1="1" ind2=" " tag="029"><subfield code="a">AU@</subfield><subfield code="b">000025861531</subfield></datafield><datafield ind1=" " ind2=" " tag="042"><subfield code="a">msc</subfield></datafield><datafield ind1=" " ind2=" " tag="043"><subfield code="a">n-us-ar</subfield></datafield><datafield ind1="0" ind2=" " tag="130"><subfield code="a">Big picture in Paragould (Paragould, Ark. : 1948)</subfield></datafield><datafield ind1="1" ind2="4" tag="245"><subfield code="a">The Big picture in Paragould.</subfield></datafield><datafield ind1="1" ind2="7" tag="246"><subfield code="a">Big picture</subfield><subfield code="f">Aug. 13-Dec. 3, 1948</subfield></datafield><datafield ind1=" " ind2=" " tag="260"><subfield code="a">Paragould, Ark. :</subfield><subfield code="b">Wayzgoose Press</subfield></datafield><datafield ind1=" " ind2=" " tag="300"><subfield code="a">v.</subfield></datafield><datafield ind1=" " ind2=" " tag="310"><subfield code="a">Semiweekly,</subfield><subfield code="b">Apr. 19, 1949-Jan. 30, 1952</subfield></datafield><datafield ind1=" " ind2=" " tag="321"><subfield code="a">Weekly,</subfield><subfield code="b">Aug. 13, 1948-Apr. 15, 1949</subfield></datafield><datafield ind1="0" ind2=" " tag="362"><subfield code="a">Aug. 13, 1948-v. 5, no. 33 (Jan. 30, 1952).</subfield></datafield><datafield ind1=" " ind2=" " tag="515"><subfield code="a">Began numbering with v. 1, no. 1 on Aug. 27, 1948.</subfield></datafield><datafield ind1=" " ind2="0" tag="651"><subfield code="a">Paragould (Ark.)</subfield><subfield code="v">Newspapers.</subfield></datafield><datafield ind1=" " ind2="7" tag="655"><subfield code="a">Newspapers.</subfield><subfield code="2">fast</subfield><subfield code="0">(OCoLC)fst01423814</subfield></datafield><datafield ind1=" " ind2="7" tag="651"><subfield code="a">Arkansas</subfield><subfield code="z">Paragould.</subfield><subfield code="2">fast</subfield><subfield code="0">(OCoLC)fst01216814</subfield></datafield><datafield ind1=" " ind2=" " tag="752"><subfield code="a">United States</subfield><subfield code="b">Arkansas</subfield><subfield code="c">Greene</subfield><subfield code="d">Paragould.</subfield></datafield><datafield ind1="0" ind2="0" tag="785"><subfield code="t">Daily big picture in Paragould (Paragould, Ark. : 1952)</subfield><subfield code="w">(DLC)sn 90050208</subfield></datafield></record>